<record><leader>00000cas a2200000 a 4500</leader><controlfield tag="001">36363529</controlfield><controlfield tag="008">970210c19949999caumr ne      0   a0eng c</controlfield><datafield ind1=" " ind2=" " tag="010"><subfield code="a">sn 99060609 </subfield></datafield><datafield ind1=" " ind2=" " tag="040"><subfield code="a">CUZ</subfield><subfield code="b">eng</subfield><subfield code="c">CUZ</subfield><subfield code="d">CNK</subfield><subfield code="d">OCLCQ</subfield><subfield code="d">OCLCF</subfield><subfield code="d">OCLCO</subfield></datafield><datafield ind1=" " ind2=" " tag="042"><subfield code="a">pcc</subfield></datafield><datafield ind1=" " ind2=" " tag="043"><subfield code="a">n-us-ca</subfield></datafield><datafield ind1=" " ind2=" " tag="090"><subfield code="a">F868.S3</subfield><subfield code="b">C37</subfield></datafield><datafield ind1="0" ind2="4" tag="245"><subfield code="a">The coastal courier.</subfield></datafield><datafield ind1=" " ind2=" " tag="260"><subfield code="a">Capitola, CA :</subfield><subfield code="b">Robert J. Airoldi</subfield></datafield><datafield ind1=" " ind2=" " tag="300"><subfield code="a">v. :</subfield><subfield code="b">ill. ;</subfield><subfield code="c">36 cm.</subfield></datafield><datafield ind1=" " ind2=" " tag="310"><subfield code="a">Monthly</subfield></datafield><datafield ind1="0" ind2=" " tag="362"><subfield code="a">Vol. 3, no. 10 (Mar. 1994)-</subfield></datafield><datafield ind1=" " ind2=" " tag="500"><subfield code="a">"Serving the communities of Capitola, Soquel, Live Oak and Aptos."</subfield></datafield><datafield ind1=" " ind2="0" tag="651"><subfield code="a">Capitola (Calif.)</subfield><subfield code="v">Newspapers.</subfield></datafield><datafield ind1=" " ind2="0" tag="651"><subfield code="a">Santa Cruz County (Calif.)</subfield><subfield code="v">Newspapers.</subfield></datafield><datafield ind1=" " ind2="7" tag="655"><subfield code="a">Newspapers.</subfield><subfield code="2">fast</subfield><subfield code="0">(OCoLC)fst01423814</subfield></datafield><datafield ind1=" " ind2="7" tag="651"><subfield code="a">California</subfield><subfield code="z">Capitola.</subfield><subfield code="2">fast</subfield><subfield code="0">(OCoLC)fst01214330</subfield></datafield><datafield ind1=" " ind2="7" tag="651"><subfield code="a">California</subfield><subfield code="z">Santa Cruz County.</subfield><subfield code="2">fast</subfield><subfield code="0">(OCoLC)fst01210722</subfield></datafield><datafield ind1=" " ind2=" " tag="752"><subfield code="a">United States</subfield><subfield code="b">California</subfield><subfield code="c">Santa Cruz</subfield><subfield code="d">Capitola.</subfield></datafield><datafield ind1="0" ind2="0" tag="780"><subfield code="t">Capitola courier</subfield><subfield code="w">(DLC)sn 99060608</subfield><subfield code="w">(OCoLC)25489583</subfield></datafield></record>